@incollection{EXAMPLE,
year={2015},
booktitle={Computer Aided Verification},
volume={9207},
series={Lecture Notes in Computer Science},
title={Modular Deductive Verification of Multiprocessor Hardware Designs},
publisher={Springer International Publishing},
author={Vijayaraghavan, Muralidaran and Chlipala, Adam and Arvind and Dave, Nirav},
pages={109-127}
}

