@preamble{ "\newcommand{\noopsort}[1]{} "
	# "\newcommand{\printfirst}[2]{#1} "
	# "\newcommand{\singleletter}[1]{#1} "
	# "\newcommand{\switchargs}[2]{#2#1} " }

@misc{bsdef,
  title = "{Bluespec Language definition}",
  author = "Lennart Augustsson and Jacob Schwarz and Rishiyur S. Nikhil",
  year = 2001,
  pages = "95",
  note = "Sandburst Corp."
}

@manual{bsref,
  title = "Bluespec\texttrademark{} SystemVerilog Reference Guide",
  organzation = "Bluespec,~Inc.",
  month = "January",
  year = {2012}
}

