@inproceedings{ProcVerif1,
  title={Automatic verification of pipelined microprocessor control},
  author={Burch, Jerry R and Dill, David L},
  booktitle={Computer Aided Verification},
  pages={68--80},
  year={1994},
  organization={Springer}
}

@inproceedings{ProcVerif2,
  title={Verification of an implementation of {Tomasulo's} algorithm by compositional model checking},
  author={McMillan, Kenneth L},
  booktitle={Computer Aided Verification},
  pages={110--121},
  year={1998},
  organization={Springer}
}

@inproceedings{ClusterVerif,
  title={Replacing Testing with Formal Verification in {Intel}$^{\scriptsize \circledR}$ {Core}$^{\scriptsize \textrm{TM}}$ i7 Processor Execution Engine Validation},
  author={Kaivola, Roope and Ghughal, Rajnish and Narasimhan, Naren and Telfer, Amber and Whittemore, Jesse and Pandav, Sudhindra and Slobodov{\'a}, Anna and Taylor, Christopher and Frolov, Vladimir and Reeber, Erik and Naik, Armaghan},
  booktitle={Computer Aided Verification},
  pages={414--429},
  year={2009},
  organization={Springer}
}

@article{MicroVerif,
  title={Formal modeling and verification of microprocessors},
  author={Windley, Phillip J.},
  journal={Computers, IEEE Transactions on},
  volume={44},
  number={1},
  pages={54--72},
  year={1995},
  publisher={IEEE}
}

@inproceedings{CCVerif,
 author = {Moore, J. Strother},
 title = {An {ACL2} Proof of Write Invalidate Cache Coherence},
 booktitle = {Proceedings of the 10th International Conference on Computer Aided Verification},
 series = {CAV '98},
 year = {1998},
 isbn = {3-540-64608-6},
 pages = {29--38},
 numpages = {10},
 url = {http://dl.acm.org/citation.cfm?id=647767.733778},
 acmid = {733778},
 publisher = {Springer-Verlag},
 address = {London, UK, UK},
}

@INPROCEEDINGS{SemGAA,
author={Dave, N. and Pellauer, A. and Pellauer, M.}, 
booktitle={Formal Methods and Models for Codesign, 2007. MEMOCODE 2007. 5th IEEE/ACM International Conference on}, 
title={Scheduling as Rule Composition}, 
year={2007}, 
pages={51-60}, 
doi={10.1109/MEMCOD.2007.371249}, 
month={May}
}

@incollection{CAV,
year={2015},
booktitle={Computer Aided Verification},
volume={9207},
series={Lecture Notes in Computer Science},
title={Modular Deductive Verification of Multiprocessor Hardware Designs},
publisher={Springer International Publishing},
author={Vijayaraghavan, Muralidaran and Chlipala, Adam and Arvind and Dave, Nirav},
pages={109-127}
}

