@inproceedings{ProcVerif1,
  title={Automatic verification of pipelined microprocessor control},
  author={Burch, Jerry R and Dill, David L},
  booktitle={Computer Aided Verification},
  pages={68--80},
  year={1994},
  organization={Springer}
}

@inproceedings{ProcVerif2,
  title={Verification of an implementation of {Tomasulo's} algorithm by compositional model checking},
  author={McMillan, Kenneth L},
  booktitle={Computer Aided Verification},
  pages={110--121},
  year={1998},
  organization={Springer}
}

@inproceedings{ClusterVerif,
  title={Replacing Testing with Formal Verification in {Intel}$^{\scriptsize \circledR}$ {Core}$^{\scriptsize \textrm{TM}}$ i7 Processor Execution Engine Validation},
  author={Kaivola, Roope and Ghughal, Rajnish and Narasimhan, Naren and Telfer, Amber and Whittemore, Jesse and Pandav, Sudhindra and Slobodov{\'a}, Anna and Taylor, Christopher and Frolov, Vladimir and Reeber, Erik and Naik, Armaghan},
  booktitle={Computer Aided Verification},
  pages={414--429},
  year={2009},
  organization={Springer}
}

@incollection{CAV,
year={2015},
booktitle={Computer Aided Verification},
volume={9207},
series={Lecture Notes in Computer Science},
title={Modular Deductive Verification of Multiprocessor Hardware Designs},
publisher={Springer International Publishing},
author={Vijayaraghavan, Muralidaran and Chlipala, Adam and Arvind and Dave, Nirav},
pages={109-127}
}

